@article{srschur,
  title={Matlab code for sorting real Schur forms},
  author={Brandts, JH},
  journal={Numerical linear algebra with applications},
  volume={9},
  number={3},
  pages={249--261},
  year={2002},
  publisher={Wiley Online Library}
}
